

@article{factory,
        author =    {A. Arbams and R. Ghrist},
        title =     {Finding Topology in a Factory: Configuration Spaces},
        journal =   {The American Mathematical Monthly},
        volume =    {109},
        number =    {2},
        pages =     {140---150},
        year =      {2002},
        DOI =       {http://www.jstor.org/stable/2695326},
        keywords =  {factory}
}

@incollection{safe,
        
        year={1998},
        isbn={978-1-4471-1582-3},
        booktitle={Robotics Research},
        editor={Shirai, Yoshiaki and Hirose, Shigeo},
        doi={10.1007/978-1-4471-1580-9_8},
        title={Safe Cooperative Robot Patterns via Dynamics on Graphs},
        url={http://dx.doi.org/10.1007/978-1-4471-1580-9_8},
        publisher={Springer London},
        author={Ghrist, RobertW. and Koditschek, DanielE.},
        pages={81-92},
        language={English}
}

@book{cw,
        author =    {R. Fritsch and R. Piccinini},
        title =     {Cellular structures in topology},
        isbn =      {0521327849},
        publisher = {Cambridge University Press},
        year =      {1990},
        keywords =  {cw complex, algebraic topology, cellular structures} 
}

@book{at,
        author =    {A. Hatcher},
        title =     {Algebraic Topology},
        isbn =      {978-0521795401},
        publisher = {Cambridge University Press},
        year =      {2001},
        keywords =  {cw complex, algebraic topology} 
}

@book{ed,
        author =    {H. Edelsbrunner and J.Harer},
        title =     {Computational Topology: An Introduction},
        isbn =      {978-0821849255},
        publisher = {American Mathematical Society},
        year =      {2009},
        keywords =  {topology, computational topology} 
}

@phdthesis{thesis,
        author =    {A. Arbams},
        title  =    {Configuration Spaces and Braid Groups of Graphs},
        school =    {University Of California at Berkley},
        year   =    {2000}
}

@book{retract,
        author =    {W. Fulton},
        title  =    {Algebraic Topology: A First Course},
        isbn   =    {978-0387943275},
        publisher = {Springer}
        year    =   {2013}
}

@book{top,
        author =    {Colin Adams and Robert Franzosa}
        title  =    {Introduction to Topology: Pure and Applied}
        isbn   =    {978-0131848696}
        publisher = {Pearson}
        year   =    {2007}
]